@Misc{Kalvoda2015,
    author = {Tom\'a\v{s} Kalvoda},
    title = {Jak ps\'at matematick\'e formule v {\LaTeX}u},
    howpublished = {online},
    year = {2015},
    cited = {2023-04-17},
    url = {https://marast.fit.cvut.cz/cs/blog_posts/2}
}

@Misc{Oetiker2018,
    author = {Tobias Oetiker},
    title = {The Not So Short Introduction to {\LaTeX}},
    howpublished = {online},
    year = {2022},
    cited = {2023-04-17},
    url = {https://tobi.oetiker.ch/lshort/lshort.pdf},
}

@Misc{Martinek2008,
    author = {David Martinek},
    title = {Jak s\'azet \v{c}esky},
    howpublished = {online},
    year = {2008},
    cited = {2023-04-17},
    url = {http://www.fit.vutbr.cz/~martinek/latex/czech.html},
}

@Article{CazarezCastro2012,
    author = {Nohe R. Cazaes-Castro and Luis T. Aguilar and Oscar Castillo},
    title = {Designing Type-1 and Type-2 Fuzzy Logic Controllers via Fuzzy Lyapunov Synthesis for Nonsmooth Mechanical Systems: The Perturbed Case},
    journal = {Engineering Applications of Artificial Intelligence},
    pages = {971\,--\,979},
    year = {2012},
    cited = {2023-04-17},
    issn = {0952-1976},
    }

@Article{Olsak2014,
    author = {Petr Olšák},
    title = {{\TeX} pro pragmatiky},
    journal = {Zpravodaj \v{C}eskoslovensk\'eho sdru\v{z}en\'i u\v{z}ivatel\r{u} {\TeX}u},
    pages = {29\,--\,45},
    year = {2014},
    cited = {2023-04-17},
    issn = {1211\,--\,6661},
}

@Article{Oksuz2008,
    author = {{\"O}zcan {\"O}ks{\"u}z and U{\^g}ur G{\"u}d{\"u}kbay and A. Enis {\c C}etin},
    title = {A Video-based Text and Equation Editor for LaTeX},
    journal = {Engineering Applications of Artificial Intelligence},
    volume = {21},
    number = {6},
    year = {2008},
    pages = {952\,--\,960},
    cited = {2023-04-17},
    issn = {0952\,--\,1976},
}

@MastersThesis{Bojko2011,
    author = {Pavel Bojko},
    title = {Problematika sazby odborn\'eho textu v prost\v{r}ed\'i {{\LaTeX}}},
    school = {Jiho\v{c}esk\'a univerzita v \v{C}esk\'ych Bud\v{e}jovic\'ich},
    address = {\v{C}esk\'e Bud\v{e}jovice},
    year = {2011},
    cited = {2023-04-17},
    type = {Bakal\'a\v{r}sk\'a pr\'ace},
}

@MastersThesis{Pysny2009,
    author = {Radek Py\v{s}n\'y},
    title = {BIB{\TeX} styl pro \v{C}SN ISO 690 a \v{C}SN ISO 690-2},
    school = {Vysok\'e u\v{c}en\'i technick\'e v Brn\v{e}},
    address = {Brno},
    year = {2009},
    cited = {2023-04-17},
    type = {Bakal\'a\v{r}sk\'a pr\'ace},
}

@InBook{Guide2003,
    author = {Kopka, Helmut and Daly, Patrick W.},
    title = {A Guide to {\LaTeX}},
    publisher = {Addison\,--\,Wesley Professional},
    year = {2003},
    address = {Boston},
    cited = {2023-04-17},
    isbn = 0321173856,
}

@InBook{Rybicka2003,
    author = {Ji\v{r}\'i Rybi\v{c}ka},
    title = {{\LaTeX} pro za\v{c}\'ate\v{c}n\'iky},
    chapter = {Z\'akladn\'i informace},
    publisher = {Konvoj},
    address = {Brno},
    year = {2003},
    cited = {2023-04-17},
    isbn = {80\,--\,7302\,--\,049\,--\,1},
}


